@misc{Zhihu-likelihood,
   url = "https://www.zhihu.com/question/54082000/answer/145495695",
   title = "如何理解似然函数?",
}
 
@misc{Zhihu-likelihood-2,
   url = "https://www.zhihu.com/question/54082000/answer/470252492",
   title = "如何理解似然函数?",
}

@misc{ROC-AUC,
   url = "https://www.jianshu.com/p/c61ae11cc5f6",
   title = "机器学习之分类性能度量指标 : ROC曲线、AUC值、正确率、召回率",
} 

@misc{Compare_P_R_F1_ROC_AUC,
   url = "https://www.zhihu.com/question/30643044/answer/224360465",
   title = "精确率、召回率、F1 值、ROC、AUC 各自的优缺点是什么",
} 

@misc{Simple_DynamicProgramming,
   url = "https://www.zhihu.com/question/39948290/answer/612439961",
   title = "如何理解动态规划",
}

@misc{Simple_DynamicProgramming-2,
   url = "https://www.zhihu.com/question/39948290/answer/883302989",
   title = "如何理解动态规划",
}

@misc{InfomationTheory_Example_Poison,
   url = "https://daily.zhihu.com/story/9724781",
   title = "1000桶水，其中一桶有毒，猪喝毒水后会在15分钟内死去，想用一个小时找到这桶毒水，至少需要几头猪",
}

@misc{Compare_Loss_Func_Between_Regression_Classification,
   url = "https://www.cnblogs.com/massquantity/p/8964029.html",
   title = "常见回归和分类损失函数比较",
}

@misc{Zhihu_Understanding_GBDT,
   url = "https://zhuanlan.zhihu.com/p/29765582",
   title = "机器学习-一文理解GBDT的原理-20171001",
}

@misc{Zhihu_Understanding_GBDT_2,
   url = "https://zhuanlan.zhihu.com/p/30339807",
   title = "GBDT的原理和应用",
}

@misc{Talk_About_AlphaGo,
   url = "https://mp.weixin.qq.com/s?__biz=MzA5MDE2MjQ0OQ==&mid=2652786766&idx=1&sn=bf6f3189e4a16b9f71f985392c9dc70b&chksm=8be52430bc92ad2644838a9728d808d000286fb9ca7ced056392f1210300286f63bd991bde84#rd",
   title = "要不我也说说 AlphaGo？",
}

@misc{Learning_AlphaGo,
   url = "https://zhuanlan.zhihu.com/p/42713827",
   title = "Alpha Go原理学习",
}
 
@misc{Talk_About_Variational_Principle,
   url = "https://zhuanlan.zhihu.com/p/139018146",
   title = "浅谈变分原理",
}

@misc{Common_Probability_Distribution,
   url = "https://paul.pub/common-probability-distributions/",
   title = "熟悉常见概率分布",
}

@misc{Inference_Of_Expectation_Variations,
   url = "https://zhuanlan.zhihu.com/p/145615691",
   title = "常见概率分布的期望和方差推导",
}

@misc{Continuous_Variable_Expection_Variation,
   url = "https://zhuanlan.zhihu.com/p/143837626",
   title = "概率论中常见分布的数学期望、方差及其特征函数推导——连续性随机变量",
}

@misc{Why_Called_Feature_Function,
   url = "https://www.zhihu.com/question/28227824/answer/39973416",
   title = "特征函数为什么叫做特征函数",
}

@misc{Understand_Feature_Function,
   url = "https://www.zhihu.com/question/23686709/answer/376439033",
   title = "如何理解统计中的特征函数",
}

@misc{Understand_Moment_In_Prob,
   url = "https://www.matongxue.com/madocs/412.html",
   title = "如何理解概率论中的“矩”？
",
}

@misc{Understand_Fourier_Transform_Ma,
   url = "https://www.matongxue.com/madocs/473.html",
   title = "如何通俗地理解傅立叶变换？
",
}

@misc{Understand_Fourier_Series_Ma,
   url = "https://www.matongxue.com/madocs/619.html",
   title = "如何理解傅立叶级数公式？",
}

@book{Think_Stats,
author ="Allen B.Downey",
title ="统计思维-程序员数学之概率统计(Think Stats)",
publisher ="O'REILLY"
};

@misc{Understand_Convolution,
   url = "https://www.matongxue.com/madocs/32/",
   title = "如何通俗地理解卷积？",
}

@misc{Understand_Least_Square_Method ,
   url = "https://www.matongxue.com/madocs/818/",
   title = "如何理解最小二乘法？",
}

@misc{Taylor_Expansion_By_Different_Value,
   url = "https://www.matongxue.com/madocs/206/",
   title = "使用泰勒公式进行估算时，在不同点有啥区？",
}

@book{Book_Machine_Learning_ZhouZhihua,
author ="周志华",
title ="机器学习",
publisher ="清华大学出版社",
}

@misc{Normalization_Method_L1_L2,
   url = "https://blog.csdn.net/u012162613/article/details/44261657",
   title = "正则化方法：L1和L2 regularization、数据集扩增、dropout",
}

@misc{Verify_Gradient,
   url = "https://mp.weixin.qq.com/s?__biz=MzA5NzQyNTcxMA==&mid=2656430247&idx=1&sn=fd2ce2a046ac740449db342968d3cfd5&scene=19#wechat_redirect",
   title = "Hulu机器学习问题与解答系列 | 第三弹: 优化简介",
}

@misc{Handle_Unbalanced_Samples,
   url = "https://mp.weixin.qq.com/s?__biz=MzA5NzQyNTcxMA==&mid=2656430319&idx=1&sn=2e22a6371e30929b4aeacb33565e5184&scene=19#wechat_redirect",
   title = "Hulu机器学习问题与解答系列 | 第四弹：不均衡样本集的处理",
}

@misc{About_RankNet_LambdaRank,
   url = "https://zhuanlan.zhihu.com/p/68682607",
   title = "浅谈Learning to Rank中的RankNet和LambdaRank算法",
};

@misc{Commonly_Loss_Functions,
   url = "https://zhuanlan.zhihu.com/p/37217242",
   title = "常见损失函数小结",
}

@misc{Normalization_In_Machine_Learning,
   url = "https://www.jianshu.com/p/569efedf6985",
   title = "机器学习中的正则化",
}

@techreport{From_RankNet_To_LambdaRank_To_LambdaMART,
author = {Burges, Chris J.C.},
title = {From RankNet to LambdaRank to LambdaMART: An Overview},
year = {2010},
month = {June},
abstract = {LambdaMART is the boosted tree version of LambdaRank, which is based on RankNet. RankNet, LambdaRank, and LambdaMART have proven to be very successful algorithms for solving real world ranking problems: for example an ensemble of LambdaMART rankers won Track 1 of the 2010 Yahoo! Learning To Rank Challenge. The details of these algorithms are spread across several papers and reports, and so here we give a self-contained, detailed and complete description of them.},
url = {https://www.microsoft.com/en-us/research/publication/from-ranknet-to-lambdarank-to-lambdamart-an-overview/},
number = {MSR-TR-2010-82},
}

@misc{CrossEntropy_Detail,
   url = "https://blog.csdn.net/b1055077005/article/details/100152102",
   title = "交叉熵损失函数原理详解",
}

@misc{CrossEntropy_Deep_Understanding,
   url = "https://blog.csdn.net/tsyccnh/article/details/79163834",
   title = "一文搞懂交叉熵在机器学习中的使用，透彻理解交叉熵背后的直觉",
}

@misc{Differential_Equation_1_Basic,
   url = "https://zhuanlan.zhihu.com/p/85151812",
   title = "微分方程(1)-基本概念及分类",
}

@misc{Differential_Equation_2_Solution,
   url = "https://zhuanlan.zhihu.com/p/85229526",
   title = "微分方程(2)-一阶常微分方程的解法",
}

@misc{Cosine_Distance,
   url = "https://mp.weixin.qq.com/s/JOzZDPqV4OXqJmdaIfhhKg",
   title = "Hulu机器学习问题与解答系列 | 第五弹：余弦距离",
}

@misc{Why_Learn_Linear_Algebra,
   url = "https://www.matongxue.com/madocs/2112/",
   title = "为什么学习线性代数？",
}

@misc{Cannot_Understand_Linear_Algebra,
   url = "https://www.matongxue.com/madocs/2105/",
   title ="无法理解线性代数怎么办？",
}

@misc{From_Gauss_Elimination_To_Matrix_Multiplication,
   url = "https://www.matongxue.com/madocs/755/",
   title ="从高斯消元法到矩阵乘法",
}

@misc{How_To_Understand_Matrix_Multiplication,
   url = "https://www.matongxue.com/madocs/555/",
   title ="如何理解矩阵乘法？",
}

@misc{How_To_Understand_Determinant,
   url = "https://www.matongxue.com/madocs/247/",
   title ="行列式的本质是什么？",
}

@misc{How_To_Understand_Rank_Of_Matrix_With_Intuition,
   url = "https://www.matongxue.com/madocs/2121/",
   title ="如何直观地理解矩阵的秩？",
}

@misc{How_To_Understand_Rank_Of_Matrix,
   url = "https://www.matongxue.com/madocs/254/",
   title ="如何理解矩阵的「秩」",
}

@misc{Why_Rank_Of_Row_Column_Equal,
   url = "https://www.matongxue.com/madocs/290/",
   title ="为什么矩阵行秩等于列秩？",
}

@misc{How_To_Understand_Similar_Matrix,
   url = "https://www.matongxue.com/madocs/491/",
   title ="如何理解相似矩阵？",
}

@misc{How_To_Understand_Quadratic_Form,
   url = "https://www.matongxue.com/madocs/271/",
   title ="如何理解二次型？",
}

@misc{How_To_Understand_Eigen_Value_Vector,
   url = "https://www.matongxue.com/madocs/228/",
   title ="如何理解矩阵特征值和特征向量？",
}

@misc{How_To_Understand_Affine_Transformation,
   url = "https://www.matongxue.com/madocs/244/",
   title ="如何通俗的解释仿射变换？",
}

@misc{How_To_Understand_Singular_Value,
   url = "https://www.matongxue.com/madocs/306/",
   title ="如何通俗地理解奇异值？",
}

@misc{Eigen_Value_And_Sigular_Value,
   url = "https://zhuanlan.zhihu.com/p/67577324",
   title ="备查手册-特征值与奇异值",
}

@misc{Eigen_Value_And_Sigular_Value_Relation,
   url = "https://www.zhihu.com/question/19666954/answer/54788626",
   title ="矩阵的奇异值与特征值有什么相似之处与区别之处",
}

@misc{How_To_Understand_Linear_Differential_Equation,
   url = "https://www.matongxue.com/madocs/513/",
   title ="如何理解线性微分方程？",
}

@book{The_Matrix_Cookbook,
author ="Kaare Brandt Petersen,Michael Syskind Pedersen",
title ="The Matrix Cookbook",
publisher =" http://matrixcookbook.com",
}

@misc{How_To_Understand_Trace,
   url = "https://www.matongxue.com/madocs/483/",
   title ="如何理解矩阵的迹？",
}

@misc{Derivative_Of_Vector,
   url = "https://zhuanlan.zhihu.com/p/36448789",
   title ="线性代数~向量对向量的求导",
}

@misc{Understand_Covariance_Matrix,
   url = "https://zhuanlan.zhihu.com/p/37609917",
   title ="如何直观地理解「协方差矩阵」？",
}

@misc{The_Difference_Between_Probability_And_Likelihood,
   url = "https://www.quora.com/What-is-the-difference-between-probability-and-likelihood-1/answer/Jason-Eisner?share=cbfeda82&srid=zDgIt",
   title ="What-is-the-difference-between-probability-and-likelihood-Answer？",
}

@misc{A_Not_So_Simple_Introduction_To_Lambdamart,
   url = "https://liam.page/2016/07/10/a-not-so-simple-introduction-to-lambdamart/",
   title ="LambdaMART 不太简短之介绍",
}

@misc{Understanding_Jensen_Nnequality_And_Proof,
   url = "https://blog.csdn.net/baidu_38172402/article/details/89090383",
   title ="Jensen不等式初步理解及证明",
}

@misc{Understand_Convex_Optimization_In_One_Article,
   url = "https://zhuanlan.zhihu.com/p/51127402",
   title ="机器学习概念篇：一文详解凸函数和凸优化，干货满满",
}

@misc{Understand_Convex_Optimization,
   url = "https://zhuanlan.zhihu.com/p/37108430",
   title ="理解凸优化",
}

@misc{Comparison_Of_Maximum_Likelihood_Least_Square_Cross_Entropy,
   url = "https://zhuanlan.zhihu.com/p/39775467",
   title ="极大似然函数、最小二乘、交叉熵之间的联系",
}

@book{Fantastic_Matrix_1,
author ="黎文科",
title ="神奇的矩阵",
}

@book{Fantastic_Matrix_2,
author ="黎文科",
title ="神奇的矩阵-第二季",
}

@misc{Eigen_Value_And_Eigen_Vector_Zhihu,
   url = "https://zhuanlan.zhihu.com/p/95836870",
   title ="特征值和特征向量",
}

@book{From_Linear_Equation_To_Galois_Theory,
author ="冯承天",
title ="从一元一次方程到伽罗瓦理论",
}

@misc{Brief_Introduction_Of_Derivative_Of_Matrix,
   url = "https://zhuanlan.zhihu.com/p/137702347",
   title ="矩阵求导简介",
}

@misc{Introduction_Of_Algebra_Structure,
   url = "http://sparkandshine.net/algebraic-structure-primer-group-ring-field-vector-space/",
   title ="代数结构入门：群、环、域、向量空间",
}

@book{Visual_Group_Theory,
author ="Nathan Carter",
title ="Visual Group Theory",
}

@misc{Fundation_Of_MCTS_In_28_Days,
   url = "https://zhuanlan.zhihu.com/p/25345778",
   title ="28 天自制你的 AlphaGo (6) : 蒙特卡洛树搜索（MCTS）基础",
}

@misc{MCTS_Introduction_Briefly,
   url = "https://zhuanlan.zhihu.com/p/53948964",
   title ="蒙特卡洛树搜索最通俗入门指南",
}

@misc{Causal_Inference_In_Ali_User_Growth,
   url = "https://mp.weixin.qq.com/s/oZTU7TAEf-gYzlSXdt0_BA",
   title ="因果推断在阿里文娱用户增长中的应用",
}

@misc{Reference_System_In_8_Mins,
   url = "https://zhuanlan.zhihu.com/p/69888124",
   title ="八分钟就看懂 | 推荐系统 (协同过滤) 原来这么简单",
}

@misc{Collaborative_Filtering_Algorithms_Overview,
   url = "https://zhuanlan.zhihu.com/p/25069367",
   title ="协同过滤推荐算法总结",
}

@misc{Causal_Inference_Simply_Introduction,
   url = "https://blog.csdn.net/qq_36153312/article/details/102781633",
   title ="因果推断——简介",
}

@misc{Talk_About_Causal_Inference_Part_1,
   url = "https://dango.rocks/blog/2019/01/08/Causal-Inference-Introduction1/",
   title ="因果推断漫谈（一）：掀开 “因果推断” 的面纱",
}

@misc{Talk_About_Causal_Inference_Part_2,
   url = "https://dango.rocks/blog/2019/01/20/Causal-Inference-Introduction2-Propensity-Score-Matching/",
   title ="因果推断漫谈（二）：倾向性得分匹配介绍",
}

@book{Causal_Inference_and_Stable_Learning,
author ="Peng Cui",
title ="Causal Inference and Stable Learning",
url = "http://pengcui.thumedialab.com/papers/StableLeaning-ICML19.pdf",
}

@misc{Uplift_Model_In_One_Article,
   url = "https://zhuanlan.zhihu.com/p/100821498",
   title ="一文读懂uplift model",
}

@misc{Uplift_Model_In_Ali,
   url = "https://mp.weixin.qq.com/s?__biz=MzU1NTMyOTI4Mw==&mid=2247498630&idx=1&sn=b36515e54c2dbc20186942102497c390&chksm=fbd749eacca0c0fc9e285ffc7d06e336115f387394362a4707c71377f02832f8c42bcc71cc7a&scene=21#wechat_redirect",
   title ="阿里文娱智能营销增益模型 ( Uplift Model ) 技术实践",
}

@misc{Bandit_Algorithm_Recommender_System_Learning_Note,
   url = "https://zhuanlan.zhihu.com/p/108253714",
   title ="【学习笔记01】推荐系统——Bandit算法",
}

@misc{MAB_And_RL_Introduction,
   url = "https://zhuanlan.zhihu.com/p/52727881",
   title ="在线学习(MAB)与强化学习(RL)[1]：引言",
}

@book{Online_Optimization,
author ="冯扬",
title ="在线最优化求解",
}

@misc{RL_Learning_Route,
   url = "https://zhuanlan.zhihu.com/p/111869532",
   title ="你有一份强化学习线路图，请查收",
}

@misc{How_To_Understand_Markov_Chain,
   url = "https://zhuanlan.zhihu.com/p/109217883",
   title ="怎样正确理解马尔科夫链？",
}

@misc{How_To_Understand_Q_V_Value,
   url = "https://zhuanlan.zhihu.com/p/109498587",
   title ="如何理解强化学习中的Q值和V值？",
}

@misc{Implement_QLearning,
   url = "https://zhuanlan.zhihu.com/p/110410276",
   title ="手把手教你实现Qlearning算法[实战篇]（附代码及代码分析）",
}